<record><leader>00000cas a22000007a 4500</leader><controlfield tag="001">26668754</controlfield><controlfield tag="008">920925d19uu1992nyuwr ne      0    0eng d</controlfield><datafield ind1=" " ind2=" " tag="010"><subfield code="a">sn 92062134 </subfield></datafield><datafield ind1=" " ind2=" " tag="040"><subfield code="a">NYS</subfield><subfield code="b">eng</subfield><subfield code="c">NYS</subfield><subfield code="d">NSD</subfield><subfield code="d">OCLCQ</subfield></datafield><datafield ind1=" " ind2=" " tag="042"><subfield code="a">msc</subfield></datafield><datafield ind1="0" ind2="0" tag="245"><subfield code="a">Tree town talk.</subfield></datafield><datafield ind1=" " ind2=" " tag="260"><subfield code="a">Ellicottville, N.Y. :</subfield><subfield code="b">Becky "Mike" Long</subfield></datafield><datafield ind1=" " ind2=" " tag="300"><subfield code="a">v.</subfield></datafield><datafield ind1=" " ind2=" " tag="310"><subfield code="a">Weekly</subfield></datafield><datafield ind1="0" ind2=" " tag="362"><subfield code="a">-v. 5, no. 36 (July 31, 1992).</subfield></datafield><datafield ind1=" " ind2=" " tag="588"><subfield code="a">Description based on: Vol. 5, no. 36 (July 31, 1992).</subfield></datafield><datafield ind1=" " ind2="4" tag="651"><subfield code="a">Ellicottville (N.Y.)</subfield><subfield code="v">Newspapers.</subfield></datafield><datafield ind1=" " ind2=" " tag="752"><subfield code="a">United States</subfield><subfield code="b">New York</subfield><subfield code="c">Cattaraugus</subfield><subfield code="d">Ellicottville.</subfield></datafield><datafield ind1="0" ind2="7" tag="785"><subfield code="t">County shopper</subfield></datafield><datafield ind1="0" ind2="7" tag="785"><subfield code="t">Chronicle (Salamanca, N.Y.)</subfield><subfield code="x">1067-2613</subfield><subfield code="w">(DLC)sn 92062092</subfield><subfield code="w">(OCoLC)26485691</subfield></datafield><datafield ind1="1" ind2=" " tag="029"><subfield code="a">AU@</subfield><subfield code="b">000020717844</subfield></datafield></record>